<record><leader>00000cas a22000007a 4500</leader><controlfield tag="001">24498256</controlfield><controlfield tag="008">911004d19721973nyuwr ne      0    0eng d</controlfield><datafield ind1=" " ind2=" " tag="010"><subfield code="a">sn 91066683 </subfield></datafield><datafield ind1=" " ind2=" " tag="040"><subfield code="a">NYS</subfield><subfield code="b">eng</subfield><subfield code="c">NYS</subfield><subfield code="d">OCLCQ</subfield></datafield><datafield ind1=" " ind2=" " tag="042"><subfield code="a">msc</subfield></datafield><datafield ind1="0" ind2=" " tag="130"><subfield code="a">Townsman (Coxsackie, N.Y.)</subfield></datafield><datafield ind1="1" ind2="4" tag="245"><subfield code="a">The townsman.</subfield></datafield><datafield ind1="1" ind2="7" tag="246"><subfield code="a">Townsman and Hudson River pilot</subfield><subfield code="f">Apr. 4-May 16, 1973</subfield></datafield><datafield ind1=" " ind2=" " tag="260"><subfield code="a">Coxsackie ;</subfield><subfield code="a">Athens, N.Y. :</subfield><subfield code="b">Anne C. Hendrix,</subfield><subfield code="c">1972-</subfield></datafield><datafield ind1=" " ind2=" " tag="300"><subfield code="a">2 v. :</subfield><subfield code="b">ill.</subfield></datafield><datafield ind1=" " ind2=" " tag="310"><subfield code="a">Weekly</subfield></datafield><datafield ind1="0" ind2=" " tag="362"><subfield code="a">Vol. 1, no. 1 (May 4, 1972)-</subfield></datafield><datafield ind1="1" ind2=" " tag="362"><subfield code="a">Ceased in July 1973.</subfield></datafield><datafield ind1=" " ind2=" " tag="500"><subfield code="a">Published on Wednesday, &lt;1973&gt;.</subfield></datafield><datafield ind1=" " ind2=" " tag="500"><subfield code="a">Published by: Anne C. Hendrix, May 4-Aug. 30, 1972; and by: Hudson River Newspapers, Inc., Sept. 6, 1972-July 4, 1973.</subfield></datafield><datafield ind1=" " ind2=" " tag="588"><subfield code="a">Latest issue consulted: Vol. 2, no. 10 (July 4, 1973).</subfield></datafield><datafield ind1=" " ind2="4" tag="651"><subfield code="a">Coxsackie (N.Y.)</subfield><subfield code="v">Newspapers.</subfield></datafield><datafield ind1=" " ind2="4" tag="651"><subfield code="a">Athens (N.Y.)</subfield><subfield code="v">Newspapers.</subfield></datafield><datafield ind1=" " ind2=" " tag="752"><subfield code="a">United States</subfield><subfield code="b">New York</subfield><subfield code="c">Greene</subfield><subfield code="d">Coxsackie.</subfield></datafield><datafield ind1=" " ind2=" " tag="752"><subfield code="a">United States</subfield><subfield code="b">New York</subfield><subfield code="c">Greene</subfield><subfield code="d">Athens.</subfield></datafield><datafield ind1="0" ind2=" " tag="775"><subfield code="t">Hudson River pilot (Catskill, N.Y.)</subfield><subfield code="w">(DLC)sn 91066682</subfield><subfield code="w">(OCoLC)24497794</subfield></datafield><datafield ind1="0" ind2="0" tag="785"><subfield code="t">Coxsackie-Athens townsman</subfield><subfield code="w">(DLC)sn 91066684</subfield><subfield code="w">(OCoLC)244988257</subfield></datafield><datafield ind1="1" ind2=" " tag="029"><subfield code="a">AU@</subfield><subfield code="b">000025850361</subfield></datafield></record>